@Online{ozonloch,
author = "Wikipedia",
publisher = "wikipedia.org",
title = "Ozonloch",
howpublished = "\url{http://de.wikipedia.org/wiki/Ozonloch}",
note = {Last Accessed: 2015-05-26}
}

@Online{ozon-wiki,
author = "Wikipedia",
publisher = "wikipedia.org",
title = "Ozon",
howpublished = "\url{http://de.wikipedia.org/wiki/Ozon}",
note = {Last Accessed: 2015-05-26}
}

@Online{ozon-chemie,
author = "chemie.de",
publisher = "chemie.de",
title = "Ozon",
howpublished = "\url{http://www.chemie.de/lexikon/Ozon.html}",
note = {Last Accessed: 2015-05-26}
}

@Online{ozon-umwelt,
author = "egbeck.de",
publisher = "egbeck.de",
title = "Umweltbelastung und Umweltschutz",
howpublished = "\url{http://www.egbeck.de/skripten/bs11-30.htm}",
note = {Last Accessed: 2015-05-26}
}

@Online{ozon-umwelt,
author = "egbeck.de",
publisher = "egbeck.de",
title = "Umweltbelastung und Umweltschutz",
howpublished = "\url{http://www.egbeck.de/skripten/bs11-30.htm}",
note = {Last Accessed: 2015-05-26}
}

@Online{ozonloch-whatis,
author = "kinderwelt.org",
publisher = "kinderwelt.org",
title = "Das Ozonloch – Was ist eigentlich das Ozonloch?",
howpublished = "\url{http://www.kinderwelt.org/sicherheit-umwelt/umwelt/das-ozonloch-was-ist-eigentlich-das-ozonloch}",
note = {Last Accessed: 2015-05-26}
}

@Online{ozonloch-wissen,
author = "wissen.de",
publisher = "wissen.de",
title = "Was ist ein Ozonloch?",
howpublished = "\url{http://www.wissen.de/was-ist-ein-ozonloch}",
note = {Last Accessed: 2015-05-26}
}

@Online{ozonloch-wissen,
author = "awi.de",
publisher = "awi.de",
title = "Wie entsteht das Ozonloch über der Antarktis?",
howpublished = "\url{http://www.awi.de/de/entdecken/klicken_lernen/haeufige_fragen/klima_und_atmosphaere/wie_entsteht_das_ozonloch_ueber_der_antarktis/}",
note = {Last Accessed: 2015-05-26}
}