@Online{inv-wetterlage,
author = "Wikipedia",
publisher = "wikipedia.org",
title = "Inversionswetterlage",
howpublished = "\url{http://de.wikipedia.org/wiki/Inversionswetterlage}",
note = {Last Accessed: 2015-04-20}
}

@Online{inversio-image,
author = "Wikipedia",
publisher = "wikipedia.org",
title = "Inversionswetterlage in Lochcarron",
howpublished = "\url{http://upload.wikimedia.org/wikipedia/commons/thumb/b/b9/SmokeCeilingInLochcarron.jpg/1024px-SmokeCeilingInLochcarron.jpg}",
note = {Last Accessed: 2015-04-20}
}

@Online{atm-gradient,
author = "Wikipedia",
publisher = "wikipedia.org",
title = "Atmosphärischer Temperaturgradient",
howpublished = "\url{http://de.wikipedia.org/wiki/Atmosphaerischer_Temperaturgradient}",
note = {Last Accessed: 2015-04-20}
}

@Online{tropopause,
author = "Wikipedia",
publisher = "wikipedia.org",
title = "Die Tropopause",
howpublished = "\url{http://de.wikipedia.org/wiki/Tropopause}",
note = {Last Accessed: 2015-05-22}
}

@Online{tropo-image,
author = "Wikipedia",
publisher = "wikipedia.org",
title = "Schichtung der Atmosphäre",
howpublished = "\url{http://upload.wikimedia.org/wikipedia/commons/thumb/4/47/Atmosph%C3%A4re_Stufen.svg/539px-Atmosph%C3%A4re_Stufen.svg.png}",
note = {Last Accessed: 2015-05-22}
}

@Online{inversion-klett,
author = "Klett",
publisher = "klett.de",
title = "Inversion/Inversionswetterlage",
howpublished = "\url{http://www2.klett.de/sixcms/list.php?page=miniinfothek_lexikon&miniinfothek=Geographie%20Infothek&node=&artikel_id=145324}",
note = {Last Accessed: 2015-05-22}
}

@Online{inversion-klett-image,
author = "Klett",
publisher = "klett.de",
title = "Illustration Inversionswetterlage",
howpublished = "\url{http://www2.klett.de/sixcms/media.php/281/inversion.jpg}",
note = {Last Accessed: 2015-04-20}
}

@Online{foehn,
author = "Wikipedia",
publisher = "wikipedia.org",
title = "Der Foehnwind",
howpublished = "\url{http://de.wikipedia.org/wiki/Foehn}",
note = {Last Accessed: 2015-05-22}
}

@Online{foehn-image,
author = "Google",
publisher = "googleusercontent.com",
title = "Illustration Foehnwind",
howpublished = "\url{https://lh5.googleusercontent.com/KETIG5ePOL0Mx3mc3PuFZQfvZbJzO3I8BSc2VCSkPwB-X8NAwPhsGQ4uve4XoOXY6uJkzqeYePfQmA8qqtfcjZ_HTZ8luIZzEAwyM2inSUuJin4fEA}",
note = {Last Accessed: 2015-05-22}
}

@Online{golfstrom,
author = "Wikipedia",
publisher = "wikipedia.org",
title = "Image Golfstrom",
howpublished = "\url{http://www.visit-azoren.de/uploads/pics/golfstrom_01.jpg}",
note = {Last Accessed: 2015-05-22}
}

@Online{golf-image,
author = "visit-azoren",
publisher = "visit-azoren.de",
title = "Der Golfstrom",
howpublished = "\url{http://de.wikipedia.org/wiki/Golfstrom}",
note = {Last Accessed: 2015-05-22}
}

@Online{thermo-image,
author = "Wikipedia",
publisher = "wikipedia.org",
title = "Der Golfstrom",
howpublished = "\url{http://upload.wikimedia.org/wikipedia/commons/thumb/4/43/Thermohaline_Circulation.svg/940px-Thermohaline_Circulation.svg.png}",
note = {Last Accessed: 2015-05-22}
}

@Online{entstehung-inverw,
author = "Felix Auspurg und Bruno Lüth",
publisher = "wetter.fkg-goettingen.de",
title = "Die Entstehung einer Inversionswetterlage",
howpublished = "\url{http://wetter.fkg-goettingen.de/Diverses/Inverse%20Wetterlage/Entstehung%20einer%20Inversionswetterlage.html}",
note = {Last Accessed: 2015-05-22}
}